@InProceedings{soelvsten2022:TACAS,
  title         = {Adiar: Binary Decision Diagrams in External Memory},
  author        = {S{\o}lvsten, Steffan Christ
               and van de Pol, Jaco
               and Jakobsen, Anna Blume
               and Thomasen, Mathias Weller Berg},
  year          = {2022},
  booktitle     = {Tools and Algorithms for the Construction and Analysis of Systems},
  editor        = {Fisman, Dana
               and Rosu, Grigore},
  pages         = {295--313},
  numPages      = {19},
  publisher     = {Springer},
  address       = {Berlin, Heidelberg},  
  series        = {Lecture Notes in Computer Science},
  volume        = {13244},
  isbn          = {978-3-030-99527-0},
  doi           = {10.1007/978-3-030-99527-0\_16},
}
